@misc{XCM6035:online,
author = {},
title = {XCM6035-4522-383R},
howpublished = {\url{http://akizukidenshi.com/download/ds/spl/XCM6035-2022-354R.PDF}},
year = {2014},
note = {(Accessed on 01/13/2020)}
}

@misc{AT-MA2:online,
author = {},
title = {AT-MA2｜マイクロホンアンプ｜株式会社オーディオテクニカ},
howpublished = {\url{https://www.audio-technica.co.jp/product/AT-MA2}},
month = {},
year = {2002},
note = {(Accessed on 01/13/2020)}
}

@misc{esc:online,
author = {},
title = {Lynxmotion - 12A ESC (SimonK)},
howpublished = {\url{http://www.lynxmotion.com/p-915-12a-esc-simonk.aspx}},
month = {},
year = {},
note = {(Accessed on 01/13/2020)}
}

@misc{hquad500_hardware:online,
author = {},
title = {Lynxmotion - HQuad500 Hardware only Kit},
howpublished = {\url{http://www.lynxmotion.com/p-1058-hquad500-hardware-only-kit.aspx}},
month = {},
year = {},
note = {(Accessed on 01/13/2020)}
}

@misc{motor:online,
author = {},
title = {Lynxmotion - Brushless Motor 28x30 1000kv},
howpublished = {\url{http://www.lynxmotion.com/p-913-brushless-motor-28x30-1000kv.aspx}},
month = {},
year = {},
note = {(Accessed on 01/13/2020)}
}
